<record><leader>00000cas a22000007a 4500</leader><controlfield tag="001">23285088</controlfield><controlfield tag="008">910322d19411941mnuwr ne      0    0eng d</controlfield><datafield ind1=" " ind2=" " tag="010"><subfield code="a">sn 90059607 </subfield></datafield><datafield ind1=" " ind2=" " tag="040"><subfield code="a">MN#</subfield><subfield code="b">eng</subfield><subfield code="c">MN#</subfield><subfield code="d">OCLCQ</subfield><subfield code="d">OCLCF</subfield><subfield code="d">OCLCO</subfield></datafield><datafield ind1="1" ind2=" " tag="029"><subfield code="a">AU@</subfield><subfield code="b">000025887977</subfield></datafield><datafield ind1=" " ind2=" " tag="042"><subfield code="a">msc</subfield></datafield><datafield ind1=" " ind2=" " tag="043"><subfield code="a">n-us-mn</subfield></datafield><datafield ind1=" " ind2=" " tag="052"><subfield code="a">4144</subfield><subfield code="b">S4:2W4</subfield></datafield><datafield ind1="0" ind2=" " tag="130"><subfield code="a">West End booster (Saint Paul, Minn. : 1941)</subfield></datafield><datafield ind1="1" ind2="4" tag="245"><subfield code="a">The West End booster.</subfield></datafield><datafield ind1=" " ind2=" " tag="260"><subfield code="a">St. Paul, Minn. :</subfield><subfield code="b">LaBeau Brief Co.,</subfield><subfield code="c">1941-</subfield></datafield><datafield ind1=" " ind2=" " tag="300"><subfield code="a">v.</subfield></datafield><datafield ind1=" " ind2=" " tag="310"><subfield code="a">Weekly</subfield></datafield><datafield ind1="0" ind2=" " tag="362"><subfield code="a">Vol. 1, no. 1 (Aug. 1, 1941)-</subfield></datafield><datafield ind1="1" ind2=" " tag="362"><subfield code="a">Ceased in 1941.</subfield></datafield><datafield ind1=" " ind2="0" tag="651"><subfield code="a">West Seventh Street Community (Saint Paul, Minn.)</subfield><subfield code="v">Periodicals.</subfield></datafield><datafield ind1=" " ind2="7" tag="655"><subfield code="a">Periodicals.</subfield><subfield code="2">fast</subfield><subfield code="0">(OCoLC)fst01411641</subfield></datafield><datafield ind1=" " ind2="7" tag="651"><subfield code="a">Minnesota</subfield><subfield code="z">Saint Paul</subfield><subfield code="z">West Seventh Street Community.</subfield><subfield code="2">fast</subfield><subfield code="0">(OCoLC)fst01318751</subfield></datafield></record>